@book{gorsuch1983,
  author = {Gorsuch, Richard L.},
  title = {Factor Analysis, 2nd Edition},
  year = {1983},
}
@book{Finch2015,
  author = {
  Finch, W. Holmes,
  French, Brian F.,
  },
  title = {Latent Variable Modeling with R},
  year = {2015},
}
@book{Kline2011,
  author = {Kline, Rex B.},
  title = {Principles and Practice of Structural Equation Modeling},
  year = {2011},
}
@book{Brown2006,
  author = {Brown, Timothy A.},
  title  = {Confirmatory Factor Analysis for Applied Research},
  year   = {2006},
}





