@book{gorsuch1983,
  author = {Gorsuch, Richard L.},
  title = {Factor Analysis, 2nd Edition},
  year = {1983},
}
@book{Finch2015,
  author = {
  Finch, W. Holmes,
  French, Brian F.,
  },
  title = {Latent Variable Modeling with R},
  year = {2015},
}
@book{Kline2011,
  author = {Kline, Rex B.},
  title = {Principles and Practice of Structural Equation Modeling},
  year = {2011},
}
@book{Brown2006,
  author = {Brown, Timothy A.},
  title  = {Confirmatory Factor Analysis for Applied Research},
  year   = {2006},
}
@article{Green-et-al-1993,
  author  = {Green et. al},
  title   = {Measurement error masks bipolarity in affect ratings},
  journal = {Journal of Personality and Social Psychology},
  volume  = {64(6)},
}
@article{Kankaraš-et-all-2019,
   author = "Miloš Kankaraš and Eva Feron and Rachel Renbarger",
   title = "Assessing students’ social and emotional skills through triangulation of assessment methods",
   year = "2019",
   number = "208", 
   url = "https://www.oecd-ilibrary.org/content/paper/717ad7f2-en",
   doi = "https://doi.org/https://doi.org/10.1787/717ad7f2-en" 
}
@Article{brms,
  title = {{brms}: An {R} Package for {Bayesian} Multilevel Models
    Using {Stan}},
  author = {Paul-Christian Bürkner},
  journal = {Journal of Statistical Software},
  year = {2017},
  volume = {80},
  number = {1},
  pages = {1--28},
  doi = {10.18637/jss.v080.i01},
  encoding = {UTF-8},
}

@article{carpenter2017stan,
  title={Stan: A probabilistic programming language},
  author={Carpenter, Bob and Gelman, Andrew and Hoffman, Matthew D and Lee, Daniel and Goodrich, Ben and Betancourt, Michael and Brubaker, Marcus and Guo, Jiqiang and Li, Peter and Riddell, Allen},
  journal={Journal of statistical software},
  volume={76},
  number={1},
  year={2017},
  publisher={Columbia Univ., New York, NY (United States); Harvard Univ., Cambridge, MA (United States)}
}

@book{McElreath2020,
   title =     {Statistical Rethinking: A Bayesian Course with Examples in R and STAN},
   author =    {McElreath, Richard;},
   publisher = {CRC Press LLC},
   year =      {2020},
   edition =   {2}
}

@book{Collett2003,
   title =     {Modelling Survival Data in Medical Research},
   author =    {David Collett},
   publisher = {Chapman and Hall/CRC},
   isbn =      {1584883251,9781584883258},
   year =      {2003},
   edition =   {2nd}
}

@book{Singer+Willett2003,
   title =     {Applied Longitudinal Data Analysis - Modeling Change and Event Occurrence},
   author =    {Judith D. Singer and John B. Willett},
   publisher = {Oxford University Press},
   isbn =      {0195152964},
   year =      {2003},
}

@article{Gelman2020,
      title={Bayesian Workflow}, 
      author={Andrew Gelman and Aki Vehtari and Daniel Simpson and Charles C. Margossian and Bob Carpenter and Yuling Yao and Lauren Kennedy and Jonah Gabry and Paul-Christian Bürkner and Martin Modrák},
      year={2020},
      eprint={2011.01808},
      archivePrefix={arXiv},
      primaryClass={stat.ME}
}


